@article{1,
  title={Machine learning text classification model with NLP approach},
  author={Razno, Maria},
  journal={Computational Linguistics and Intelligent Systems},
  volume={2},
  pages={71--73},
  year={2019},
  publisher={Lviv Politechnic Publishing House}
}

@article{2,
  title={Efficient English text classification using selected machine learning techniques},
  author={Luo, Xiaoyu},
  journal={Alexandria Engineering Journal},
  volume={60},
  number={3},
  pages={3401--3409},
  year={2021},
  publisher={Elsevier}
}

@article{3,
  title={Automatic text classification using machine learning and optimization algorithms},
  author={Janani, R and Vijayarani, S},
  journal={Soft Computing},
  volume={25},
  pages={1129--1145},
  year={2021},
  publisher={Springer}
}

@inproceedings{4,
  title={Text classification using WordNet hypernyms},
  author={Scott, Sam and Matwin, Stan},
  booktitle={Usage of WordNet in natural language processing systems},
  year={1998}
}

@inproceedings{5,
  title={An optimal SVM-based text classification algorithm},
  author={Wang, Zi-Qiang and Sun, Xia and Zhang, De-Xian and Li, Xin},
  booktitle={2006 International Conference on Machine Learning and Cybernetics},
  pages={1378--1381},
  year={2006},
  organization={IEEE}
}

@article{6,
  title={Detecting offensive language in tweets using deep learning},
  author={Pitsilis, Georgios K and Ramampiaro, Heri and Langseth, Helge},
  journal={arXiv preprint arXiv:1801.04433},
  year={2018}
}

@article{7,
  title={A large-scale semi-supervised dataset for offensive language identification},
  author={Rosenthal, Sara and Atanasova, Pepa and Karadzhov, Georgi and Zampieri, Marcos and Nakov, Preslav},
  journal={arXiv preprint arXiv:2004.14454},
  year={2020}
}

@inproceedings{8,
  title={ZYJ123@ DravidianLangTech-EACL2021: Offensive language identification based on XLM-RoBERTa with DPCNN},
  author={Zhao, Yingjia and Tao, Xin},
  booktitle={Proceedings of the first workshop on speech and language technologies for dravidian languages},
  pages={216--221},
  year={2021}
}

@inproceedings{9,
  title={DEEP at HASOC2019: A Machine Learning Framework for Hate Speech and Offensive Language Detection.},
  author={Nayel, Hamada A and Shashirekha, HL},
  booktitle={FIRE (Working Notes)},
  pages={336--343},
  year={2019}
}

@article{10,
  title={Detecting hate speech and offensive language on twitter using machine learning: An n-gram and tfidf based approach},
  author={Gaydhani, Aditya and Doma, Vikrant and Kendre, Shrikant and Bhagwat, Laxmi},
  journal={arXiv preprint arXiv:1809.08651},
  year={2018}
}